<record><leader>00000cas a22000007a 4500</leader><controlfield tag="001">11655497</controlfield><controlfield tag="008">850204d18841891wiuwr ne      0    0eng d</controlfield><datafield ind1=" " ind2=" " tag="010"><subfield code="a">sn 85040087 </subfield></datafield><datafield ind1=" " ind2=" " tag="040"><subfield code="a">NPV</subfield><subfield code="b">eng</subfield><subfield code="c">NPV</subfield><subfield code="d">OCLCQ</subfield></datafield><datafield ind1=" " ind2=" " tag="042"><subfield code="a">msc</subfield></datafield><datafield ind1=" " ind2=" " tag="043"><subfield code="a">n-us-wi</subfield></datafield><datafield ind1=" " ind2=" " tag="045"><subfield code="a">w8w9</subfield></datafield><datafield ind1=" " ind2=" " tag="052"><subfield code="a">4123</subfield><subfield code="b">L2</subfield></datafield><datafield ind1="0" ind2="4" tag="245"><subfield code="a">The La Crosse news.</subfield></datafield><datafield ind1=" " ind2=" " tag="260"><subfield code="a">North La Crosse, Wis. :</subfield><subfield code="b">G.M. Read,</subfield><subfield code="c">1884-1891.</subfield></datafield><datafield ind1=" " ind2=" " tag="300"><subfield code="a">11 v. :</subfield><subfield code="b">ill.</subfield></datafield><datafield ind1=" " ind2=" " tag="310"><subfield code="a">Weekly</subfield></datafield><datafield ind1="0" ind2=" " tag="362"><subfield code="a">Vol. 6, no. 16 (Dec. 27, 1884)-v. 16, no. 6 (Apr. 11, 1891).</subfield></datafield><datafield ind1=" " ind2=" " tag="500"><subfield code="a">Publisher varies.</subfield></datafield><datafield ind1=" " ind2=" " tag="500"><subfield code="a">Editor: G.M. Read, Dec. 29, 1886-Feb. 25, 1888.--F.Z. Alexander, Mar. 3, 1888-Nov. 30, 1889.--C. Dalton, Mar. 28-Apr. 11, 1891.</subfield></datafield><datafield ind1=" " ind2=" " tag="530"><subfield code="a">Available on microfilm from The State Historical Society of Wisconsin.</subfield></datafield><datafield ind1=" " ind2=" " tag="752"><subfield code="a">United States</subfield><subfield code="b">Wisconsin</subfield><subfield code="c">La Crosse</subfield><subfield code="d">La Crosse.</subfield></datafield><datafield ind1="0" ind2="0" tag="780"><subfield code="t">Sunday news (La Crosse, Wis.)</subfield><subfield code="w">(DLC)sn 85040086</subfield></datafield><datafield ind1="0" ind2="7" tag="785"><subfield code="t">Crosse sun</subfield></datafield><datafield ind1="0" ind2="7" tag="785"><subfield code="t">Crosse sun and the La Crosse news consolidated</subfield><subfield code="w">(DLC)sn 85040088</subfield></datafield><datafield ind1="1" ind2=" " tag="029"><subfield code="a">AU@</subfield><subfield code="b">000025796636</subfield></datafield></record>